[gd_scene load_steps=10 format=2]

[ext_resource path="res://assets/ui/mainmenu/arrows/downarrow.png" type="Texture" id=1]
[ext_resource path="res://assets/ui/mainmenu/arrows/leftarrow.png" type="Texture" id=2]
[ext_resource path="res://assets/ui/x.png" type="Texture" id=3]
[ext_resource path="res://assets/ui/mainmenu/arrows/uparrow.png" type="Texture" id=4]
[ext_resource path="res://assets/ui/mainmenu/triangle.png" type="Texture" id=5]
[ext_resource path="res://assets/ui/mainmenu/circle.png" type="Texture" id=6]
[ext_resource path="res://assets/ui/mainmenu/arrows/rightarrow.png" type="Texture" id=7]
[ext_resource path="res://assets/ui/mainmenu/mainmenu.png" type="Texture" id=8]
[ext_resource path="res://components/_root-scenes/controls.gd" type="Script" id=9]

[node name="Controls" type="Control"]
anchor_right = 1.0
anchor_bottom = 1.0
size_flags_horizontal = 3
size_flags_vertical = 3
script = ExtResource( 9 )

[node name="TextureRect" type="TextureRect" parent="."]
anchor_right = 1.0
anchor_bottom = 1.0
size_flags_horizontal = 3
size_flags_vertical = 3
texture = ExtResource( 8 )
expand = true
stretch_mode = 7

[node name="CenterContainer2" type="CenterContainer" parent="."]
anchor_right = 1.0
anchor_bottom = 1.0
size_flags_horizontal = 3
size_flags_vertical = 3

[node name="PanelContainer" type="PanelContainer" parent="CenterContainer2"]
margin_left = 328.0
margin_top = 254.0
margin_right = 1592.0
margin_bottom = 826.0

[node name="VBoxContainer" type="VBoxContainer" parent="CenterContainer2/PanelContainer"]
margin_left = 32.0
margin_top = 32.0
margin_right = 1232.0
margin_bottom = 540.0
custom_constants/separation = 32

[node name="Label5" type="Label" parent="CenterContainer2/PanelContainer/VBoxContainer"]
margin_right = 1200.0
margin_bottom = 64.0
theme_type_variation = "HeadlineLabel"
text = "Controls"
align = 1

[node name="GridContainer5" type="GridContainer" parent="CenterContainer2/PanelContainer/VBoxContainer"]
margin_top = 96.0
margin_right = 1200.0
margin_bottom = 433.0
custom_constants/vseparation = 32
custom_constants/hseparation = 32
columns = 6

[node name="Label" type="Label" parent="CenterContainer2/PanelContainer/VBoxContainer/GridContainer5"]
margin_top = 18.0
margin_right = 361.0
margin_bottom = 69.0
theme_type_variation = "TitleLabel"
text = "Movement Controls:"

[node name="GridContainer" type="GridContainer" parent="CenterContainer2/PanelContainer/VBoxContainer/GridContainer5"]
margin_left = 393.0
margin_right = 527.0
margin_bottom = 88.0
columns = 3

[node name="Spacer" type="Control" parent="CenterContainer2/PanelContainer/VBoxContainer/GridContainer5/GridContainer"]
margin_right = 42.0
margin_bottom = 42.0

[node name="Panel" type="Panel" parent="CenterContainer2/PanelContainer/VBoxContainer/GridContainer5/GridContainer"]
margin_left = 46.0
margin_right = 88.0
margin_bottom = 42.0
rect_min_size = Vector2( 42, 42 )
size_flags_horizontal = 0
size_flags_vertical = 0
theme_type_variation = "KeyPanel"

[node name="Label" type="Label" parent="CenterContainer2/PanelContainer/VBoxContainer/GridContainer5/GridContainer/Panel"]
margin_right = 40.0
margin_bottom = 39.0
theme_type_variation = "KeyLabel"
text = "W"
align = 1
valign = 3

[node name="Spacer2" type="Control" parent="CenterContainer2/PanelContainer/VBoxContainer/GridContainer5/GridContainer"]
margin_left = 92.0
margin_right = 134.0
margin_bottom = 42.0

[node name="Panel2" type="Panel" parent="CenterContainer2/PanelContainer/VBoxContainer/GridContainer5/GridContainer"]
margin_top = 46.0
margin_right = 42.0
margin_bottom = 88.0
rect_min_size = Vector2( 42, 42 )
theme_type_variation = "KeyPanel"

[node name="Label" type="Label" parent="CenterContainer2/PanelContainer/VBoxContainer/GridContainer5/GridContainer/Panel2"]
margin_right = 40.0
margin_bottom = 39.0
theme_type_variation = "KeyLabel"
text = "A"
align = 1
valign = 3

[node name="Panel3" type="Panel" parent="CenterContainer2/PanelContainer/VBoxContainer/GridContainer5/GridContainer"]
margin_left = 46.0
margin_top = 46.0
margin_right = 88.0
margin_bottom = 88.0
rect_min_size = Vector2( 42, 42 )
theme_type_variation = "KeyPanel"

[node name="Label" type="Label" parent="CenterContainer2/PanelContainer/VBoxContainer/GridContainer5/GridContainer/Panel3"]
margin_right = 40.0
margin_bottom = 39.0
theme_type_variation = "KeyLabel"
text = "S"
align = 1
valign = 3

[node name="Panel4" type="Panel" parent="CenterContainer2/PanelContainer/VBoxContainer/GridContainer5/GridContainer"]
margin_left = 92.0
margin_top = 46.0
margin_right = 134.0
margin_bottom = 88.0
rect_min_size = Vector2( 42, 42 )
theme_type_variation = "KeyPanel"

[node name="Label" type="Label" parent="CenterContainer2/PanelContainer/VBoxContainer/GridContainer5/GridContainer/Panel4"]
margin_right = 40.0
margin_bottom = 39.0
theme_type_variation = "KeyLabel"
text = "D"
align = 1
valign = 3

[node name="GridContainer2" type="GridContainer" parent="CenterContainer2/PanelContainer/VBoxContainer/GridContainer5"]
margin_left = 559.0
margin_right = 693.0
margin_bottom = 88.0
columns = 3

[node name="Spacer" type="Control" parent="CenterContainer2/PanelContainer/VBoxContainer/GridContainer5/GridContainer2"]
margin_right = 42.0
margin_bottom = 42.0

[node name="Panel" type="Panel" parent="CenterContainer2/PanelContainer/VBoxContainer/GridContainer5/GridContainer2"]
margin_left = 46.0
margin_right = 88.0
margin_bottom = 42.0
rect_min_size = Vector2( 42, 42 )
theme_type_variation = "KeyPanel"

[node name="Label" type="Label" parent="CenterContainer2/PanelContainer/VBoxContainer/GridContainer5/GridContainer2/Panel"]
margin_right = 40.0
margin_bottom = 39.0
theme_type_variation = "KeyLabel"
text = "I"
align = 1
valign = 3

[node name="Spacer2" type="Control" parent="CenterContainer2/PanelContainer/VBoxContainer/GridContainer5/GridContainer2"]
margin_left = 92.0
margin_right = 134.0
margin_bottom = 42.0

[node name="Panel2" type="Panel" parent="CenterContainer2/PanelContainer/VBoxContainer/GridContainer5/GridContainer2"]
margin_top = 46.0
margin_right = 42.0
margin_bottom = 88.0
rect_min_size = Vector2( 42, 42 )
theme_type_variation = "KeyPanel"

[node name="Label" type="Label" parent="CenterContainer2/PanelContainer/VBoxContainer/GridContainer5/GridContainer2/Panel2"]
margin_right = 40.0
margin_bottom = 39.0
theme_type_variation = "KeyLabel"
text = "J"
align = 1
valign = 3

[node name="Panel3" type="Panel" parent="CenterContainer2/PanelContainer/VBoxContainer/GridContainer5/GridContainer2"]
margin_left = 46.0
margin_top = 46.0
margin_right = 88.0
margin_bottom = 88.0
rect_min_size = Vector2( 42, 42 )
theme_type_variation = "KeyPanel"

[node name="Label" type="Label" parent="CenterContainer2/PanelContainer/VBoxContainer/GridContainer5/GridContainer2/Panel3"]
margin_right = 40.0
margin_bottom = 39.0
theme_type_variation = "KeyLabel"
text = "K"
align = 1
valign = 3

[node name="Panel4" type="Panel" parent="CenterContainer2/PanelContainer/VBoxContainer/GridContainer5/GridContainer2"]
margin_left = 92.0
margin_top = 46.0
margin_right = 134.0
margin_bottom = 88.0
rect_min_size = Vector2( 42, 42 )
theme_type_variation = "KeyPanel"

[node name="Label" type="Label" parent="CenterContainer2/PanelContainer/VBoxContainer/GridContainer5/GridContainer2/Panel4"]
margin_right = 40.0
margin_bottom = 39.0
theme_type_variation = "KeyLabel"
text = "L"
align = 1
valign = 3

[node name="GridContainer3" type="GridContainer" parent="CenterContainer2/PanelContainer/VBoxContainer/GridContainer5"]
margin_left = 725.0
margin_right = 859.0
margin_bottom = 88.0
columns = 3

[node name="Spacer" type="Control" parent="CenterContainer2/PanelContainer/VBoxContainer/GridContainer5/GridContainer3"]
margin_right = 42.0
margin_bottom = 42.0

[node name="Panel" type="Panel" parent="CenterContainer2/PanelContainer/VBoxContainer/GridContainer5/GridContainer3"]
margin_left = 46.0
margin_right = 88.0
margin_bottom = 42.0
rect_min_size = Vector2( 42, 42 )
theme_type_variation = "KeyPanel"

[node name="TextureRect" type="TextureRect" parent="CenterContainer2/PanelContainer/VBoxContainer/GridContainer5/GridContainer3/Panel"]
margin_right = 40.0
margin_bottom = 40.0
texture = ExtResource( 4 )
expand = true

[node name="Spacer2" type="Control" parent="CenterContainer2/PanelContainer/VBoxContainer/GridContainer5/GridContainer3"]
margin_left = 92.0
margin_right = 134.0
margin_bottom = 42.0

[node name="Panel2" type="Panel" parent="CenterContainer2/PanelContainer/VBoxContainer/GridContainer5/GridContainer3"]
margin_top = 46.0
margin_right = 42.0
margin_bottom = 88.0
rect_min_size = Vector2( 42, 42 )
theme_type_variation = "KeyPanel"

[node name="TextureRect" type="TextureRect" parent="CenterContainer2/PanelContainer/VBoxContainer/GridContainer5/GridContainer3/Panel2"]
margin_right = 40.0
margin_bottom = 40.0
texture = ExtResource( 2 )
expand = true

[node name="Panel3" type="Panel" parent="CenterContainer2/PanelContainer/VBoxContainer/GridContainer5/GridContainer3"]
margin_left = 46.0
margin_top = 46.0
margin_right = 88.0
margin_bottom = 88.0
rect_min_size = Vector2( 42, 42 )
theme_type_variation = "KeyPanel"

[node name="TextureRect" type="TextureRect" parent="CenterContainer2/PanelContainer/VBoxContainer/GridContainer5/GridContainer3/Panel3"]
margin_right = 40.0
margin_bottom = 40.0
texture = ExtResource( 1 )
expand = true

[node name="Panel4" type="Panel" parent="CenterContainer2/PanelContainer/VBoxContainer/GridContainer5/GridContainer3"]
margin_left = 92.0
margin_top = 46.0
margin_right = 134.0
margin_bottom = 88.0
rect_min_size = Vector2( 42, 42 )
theme_type_variation = "KeyPanel"

[node name="TextureRect" type="TextureRect" parent="CenterContainer2/PanelContainer/VBoxContainer/GridContainer5/GridContainer3/Panel4"]
margin_right = 40.0
margin_bottom = 40.0
texture = ExtResource( 7 )
expand = true

[node name="GridContainer4" type="GridContainer" parent="CenterContainer2/PanelContainer/VBoxContainer/GridContainer5"]
margin_left = 891.0
margin_right = 1025.0
margin_bottom = 88.0
columns = 3

[node name="Spacer" type="Control" parent="CenterContainer2/PanelContainer/VBoxContainer/GridContainer5/GridContainer4"]
margin_right = 42.0
margin_bottom = 42.0

[node name="Panel" type="Panel" parent="CenterContainer2/PanelContainer/VBoxContainer/GridContainer5/GridContainer4"]
margin_left = 46.0
margin_right = 88.0
margin_bottom = 42.0
rect_min_size = Vector2( 42, 42 )
theme_type_variation = "KeyPanel"

[node name="Label" type="Label" parent="CenterContainer2/PanelContainer/VBoxContainer/GridContainer5/GridContainer4/Panel"]
anchor_right = 1.0
anchor_bottom = 1.0
theme_type_variation = "KeyLabel"
text = "8"
align = 1
valign = 3

[node name="Spacer2" type="Control" parent="CenterContainer2/PanelContainer/VBoxContainer/GridContainer5/GridContainer4"]
margin_left = 92.0
margin_right = 134.0
margin_bottom = 42.0

[node name="Panel2" type="Panel" parent="CenterContainer2/PanelContainer/VBoxContainer/GridContainer5/GridContainer4"]
margin_top = 46.0
margin_right = 42.0
margin_bottom = 88.0
rect_min_size = Vector2( 42, 42 )
theme_type_variation = "KeyPanel"

[node name="Label" type="Label" parent="CenterContainer2/PanelContainer/VBoxContainer/GridContainer5/GridContainer4/Panel2"]
anchor_right = 1.0
anchor_bottom = 1.0
theme_type_variation = "KeyLabel"
text = "4"
align = 1
valign = 3

[node name="Panel3" type="Panel" parent="CenterContainer2/PanelContainer/VBoxContainer/GridContainer5/GridContainer4"]
margin_left = 46.0
margin_top = 46.0
margin_right = 88.0
margin_bottom = 88.0
rect_min_size = Vector2( 42, 42 )
theme_type_variation = "KeyPanel"

[node name="Label" type="Label" parent="CenterContainer2/PanelContainer/VBoxContainer/GridContainer5/GridContainer4/Panel3"]
anchor_right = 1.0
anchor_bottom = 1.0
theme_type_variation = "KeyLabel"
text = "5"
align = 1
valign = 3

[node name="Panel4" type="Panel" parent="CenterContainer2/PanelContainer/VBoxContainer/GridContainer5/GridContainer4"]
margin_left = 92.0
margin_top = 46.0
margin_right = 134.0
margin_bottom = 88.0
rect_min_size = Vector2( 42, 42 )
theme_type_variation = "KeyPanel"

[node name="Label" type="Label" parent="CenterContainer2/PanelContainer/VBoxContainer/GridContainer5/GridContainer4/Panel4"]
anchor_right = 1.0
anchor_bottom = 1.0
theme_type_variation = "KeyLabel"
text = "6"
align = 1
valign = 3

[node name="HBoxContainer" type="HBoxContainer" parent="CenterContainer2/PanelContainer/VBoxContainer/GridContainer5"]
margin_left = 1057.0
margin_right = 1200.0
margin_bottom = 88.0

[node name="Label" type="Label" parent="CenterContainer2/PanelContainer/VBoxContainer/GridContainer5/HBoxContainer"]
margin_top = 25.0
margin_right = 9.0
margin_bottom = 63.0
theme_type_variation = "KeyLabel"
text = "("
align = 1

[node name="Label2" type="Label" parent="CenterContainer2/PanelContainer/VBoxContainer/GridContainer5/HBoxContainer"]
margin_left = 13.0
margin_right = 129.0
margin_bottom = 88.0
size_flags_vertical = 1
theme_type_variation = "KeyLabel"
text = "Left
Joystick"
align = 1

[node name="Label3" type="Label" parent="CenterContainer2/PanelContainer/VBoxContainer/GridContainer5/HBoxContainer"]
margin_left = 133.0
margin_top = 25.0
margin_right = 143.0
margin_bottom = 63.0
theme_type_variation = "KeyLabel"
text = ")"
align = 1

[node name="Label2" type="Label" parent="CenterContainer2/PanelContainer/VBoxContainer/GridContainer5"]
margin_top = 120.0
margin_right = 361.0
margin_bottom = 171.0
theme_type_variation = "TitleLabel"
text = "Pick up & drop Item:"

[node name="CenterContainer" type="CenterContainer" parent="CenterContainer2/PanelContainer/VBoxContainer/GridContainer5"]
margin_left = 393.0
margin_top = 120.0
margin_right = 527.0
margin_bottom = 171.0

[node name="Panel" type="Panel" parent="CenterContainer2/PanelContainer/VBoxContainer/GridContainer5/CenterContainer"]
margin_left = 46.0
margin_top = 4.0
margin_right = 88.0
margin_bottom = 46.0
rect_min_size = Vector2( 42, 42 )
size_flags_horizontal = 0
size_flags_vertical = 0
theme_type_variation = "KeyPanel"

[node name="Label" type="Label" parent="CenterContainer2/PanelContainer/VBoxContainer/GridContainer5/CenterContainer/Panel"]
margin_right = 40.0
margin_bottom = 39.0
theme_type_variation = "KeyLabel"
text = "Q"
align = 1
valign = 3

[node name="CenterContainer2" type="CenterContainer" parent="CenterContainer2/PanelContainer/VBoxContainer/GridContainer5"]
margin_left = 559.0
margin_top = 120.0
margin_right = 693.0
margin_bottom = 171.0

[node name="Panel2" type="Panel" parent="CenterContainer2/PanelContainer/VBoxContainer/GridContainer5/CenterContainer2"]
margin_left = 46.0
margin_top = 4.0
margin_right = 88.0
margin_bottom = 46.0
rect_min_size = Vector2( 42, 42 )
size_flags_horizontal = 0
size_flags_vertical = 0
theme_type_variation = "KeyPanel"

[node name="Label" type="Label" parent="CenterContainer2/PanelContainer/VBoxContainer/GridContainer5/CenterContainer2/Panel2"]
margin_right = 40.0
margin_bottom = 39.0
theme_type_variation = "KeyLabel"
text = "I"
align = 1
valign = 3

[node name="CenterContainer3" type="CenterContainer" parent="CenterContainer2/PanelContainer/VBoxContainer/GridContainer5"]
margin_left = 725.0
margin_top = 120.0
margin_right = 859.0
margin_bottom = 171.0

[node name="Panel3" type="Panel" parent="CenterContainer2/PanelContainer/VBoxContainer/GridContainer5/CenterContainer3"]
margin_left = 35.0
margin_top = 4.0
margin_right = 99.0
margin_bottom = 46.0
rect_min_size = Vector2( 64, 42 )
size_flags_horizontal = 0
size_flags_vertical = 0
theme_type_variation = "KeyPanel"

[node name="Label" type="Label" parent="CenterContainer2/PanelContainer/VBoxContainer/GridContainer5/CenterContainer3/Panel3"]
margin_right = 40.0
margin_bottom = 39.0
rect_min_size = Vector2( 64, 0 )
text = "Shift"
align = 1
valign = 3

[node name="CenterContainer4" type="CenterContainer" parent="CenterContainer2/PanelContainer/VBoxContainer/GridContainer5"]
margin_left = 891.0
margin_top = 120.0
margin_right = 1025.0
margin_bottom = 171.0

[node name="Panel4" type="Panel" parent="CenterContainer2/PanelContainer/VBoxContainer/GridContainer5/CenterContainer4"]
margin_left = 46.0
margin_top = 4.0
margin_right = 88.0
margin_bottom = 46.0
rect_min_size = Vector2( 42, 42 )
size_flags_horizontal = 0
size_flags_vertical = 0
theme_type_variation = "KeyPanel"

[node name="Label" type="Label" parent="CenterContainer2/PanelContainer/VBoxContainer/GridContainer5/CenterContainer4/Panel4"]
anchor_right = 1.0
anchor_bottom = 1.0
theme_type_variation = "KeyLabel"
text = "7"
align = 1
valign = 3

[node name="HBoxContainer2" type="HBoxContainer" parent="CenterContainer2/PanelContainer/VBoxContainer/GridContainer5"]
margin_left = 1057.0
margin_top = 120.0
margin_right = 1200.0
margin_bottom = 171.0
custom_constants/separation = 16
alignment = 1

[node name="Panel5" type="Panel" parent="CenterContainer2/PanelContainer/VBoxContainer/GridContainer5/HBoxContainer2"]
margin_left = 21.0
margin_right = 63.0
margin_bottom = 42.0
rect_min_size = Vector2( 42, 42 )
size_flags_horizontal = 0
size_flags_vertical = 0
theme_type_variation = "JoyKeyPanel"

[node name="Label" type="Label" parent="CenterContainer2/PanelContainer/VBoxContainer/GridContainer5/HBoxContainer2/Panel5"]
anchor_right = 1.0
anchor_bottom = 1.0
theme_type_variation = "KeyLabel"
custom_colors/font_color = Color( 1, 0.141176, 0, 1 )
text = "B"
align = 1
valign = 3

[node name="Panel6" type="Panel" parent="CenterContainer2/PanelContainer/VBoxContainer/GridContainer5/HBoxContainer2"]
margin_left = 79.0
margin_right = 121.0
margin_bottom = 42.0
rect_min_size = Vector2( 42, 42 )
size_flags_horizontal = 0
size_flags_vertical = 0
theme_type_variation = "JoyKeyPanel"

[node name="TextureRect" type="TextureRect" parent="CenterContainer2/PanelContainer/VBoxContainer/GridContainer5/HBoxContainer2/Panel6"]
modulate = Color( 1, 0.317647, 0.317647, 1 )
anchor_right = 1.0
anchor_bottom = 1.0
texture = ExtResource( 6 )
expand = true

[node name="Label3" type="Label" parent="CenterContainer2/PanelContainer/VBoxContainer/GridContainer5"]
margin_top = 203.0
margin_right = 361.0
margin_bottom = 254.0
theme_type_variation = "TitleLabel"
text = "Yeet Item & Action:"

[node name="CenterContainer5" type="CenterContainer" parent="CenterContainer2/PanelContainer/VBoxContainer/GridContainer5"]
margin_left = 393.0
margin_top = 203.0
margin_right = 527.0
margin_bottom = 254.0

[node name="Panel" type="Panel" parent="CenterContainer2/PanelContainer/VBoxContainer/GridContainer5/CenterContainer5"]
margin_left = 46.0
margin_top = 4.0
margin_right = 88.0
margin_bottom = 46.0
rect_min_size = Vector2( 42, 42 )
size_flags_horizontal = 0
size_flags_vertical = 0
theme_type_variation = "KeyPanel"

[node name="Label" type="Label" parent="CenterContainer2/PanelContainer/VBoxContainer/GridContainer5/CenterContainer5/Panel"]
margin_right = 40.0
margin_bottom = 39.0
theme_type_variation = "KeyLabel"
text = "E"
align = 1
valign = 3

[node name="CenterContainer6" type="CenterContainer" parent="CenterContainer2/PanelContainer/VBoxContainer/GridContainer5"]
margin_left = 559.0
margin_top = 203.0
margin_right = 693.0
margin_bottom = 254.0

[node name="Panel2" type="Panel" parent="CenterContainer2/PanelContainer/VBoxContainer/GridContainer5/CenterContainer6"]
margin_left = 46.0
margin_top = 4.0
margin_right = 88.0
margin_bottom = 46.0
rect_min_size = Vector2( 42, 42 )
size_flags_horizontal = 0
size_flags_vertical = 0
theme_type_variation = "KeyPanel"

[node name="Label" type="Label" parent="CenterContainer2/PanelContainer/VBoxContainer/GridContainer5/CenterContainer6/Panel2"]
margin_right = 40.0
margin_bottom = 39.0
theme_type_variation = "KeyLabel"
text = "J"
align = 1
valign = 3

[node name="CenterContainer7" type="CenterContainer" parent="CenterContainer2/PanelContainer/VBoxContainer/GridContainer5"]
margin_left = 725.0
margin_top = 203.0
margin_right = 859.0
margin_bottom = 254.0

[node name="Panel3" type="Panel" parent="CenterContainer2/PanelContainer/VBoxContainer/GridContainer5/CenterContainer7"]
margin_left = 35.0
margin_top = 4.0
margin_right = 99.0
margin_bottom = 46.0
rect_min_size = Vector2( 64, 42 )
size_flags_horizontal = 0
size_flags_vertical = 0
theme_type_variation = "KeyPanel"

[node name="Label" type="Label" parent="CenterContainer2/PanelContainer/VBoxContainer/GridContainer5/CenterContainer7/Panel3"]
margin_right = 40.0
margin_bottom = 39.0
rect_min_size = Vector2( 64, 0 )
text = "Return"
align = 1
valign = 3

[node name="CenterContainer8" type="CenterContainer" parent="CenterContainer2/PanelContainer/VBoxContainer/GridContainer5"]
margin_left = 891.0
margin_top = 203.0
margin_right = 1025.0
margin_bottom = 254.0

[node name="Panel4" type="Panel" parent="CenterContainer2/PanelContainer/VBoxContainer/GridContainer5/CenterContainer8"]
margin_left = 46.0
margin_top = 4.0
margin_right = 88.0
margin_bottom = 46.0
rect_min_size = Vector2( 42, 42 )
size_flags_horizontal = 0
size_flags_vertical = 0
theme_type_variation = "KeyPanel"

[node name="Label" type="Label" parent="CenterContainer2/PanelContainer/VBoxContainer/GridContainer5/CenterContainer8/Panel4"]
anchor_right = 1.0
anchor_bottom = 1.0
theme_type_variation = "KeyLabel"
text = "9"
align = 1
valign = 3

[node name="HBoxContainer3" type="HBoxContainer" parent="CenterContainer2/PanelContainer/VBoxContainer/GridContainer5"]
margin_left = 1057.0
margin_top = 203.0
margin_right = 1200.0
margin_bottom = 254.0
custom_constants/separation = 16
alignment = 1

[node name="Panel5" type="Panel" parent="CenterContainer2/PanelContainer/VBoxContainer/GridContainer5/HBoxContainer3"]
margin_left = 21.0
margin_right = 63.0
margin_bottom = 42.0
rect_min_size = Vector2( 42, 42 )
size_flags_horizontal = 0
size_flags_vertical = 0
theme_type_variation = "JoyKeyPanel"

[node name="Label" type="Label" parent="CenterContainer2/PanelContainer/VBoxContainer/GridContainer5/HBoxContainer3/Panel5"]
anchor_right = 1.0
anchor_bottom = 1.0
theme_type_variation = "KeyLabel"
custom_colors/font_color = Color( 0.145098, 0.768627, 0.0588235, 1 )
text = "A"
align = 1
valign = 3

[node name="Panel6" type="Panel" parent="CenterContainer2/PanelContainer/VBoxContainer/GridContainer5/HBoxContainer3"]
margin_left = 79.0
margin_right = 121.0
margin_bottom = 42.0
rect_min_size = Vector2( 42, 42 )
size_flags_horizontal = 0
size_flags_vertical = 0
theme_type_variation = "JoyKeyPanel"

[node name="TextureRect" type="TextureRect" parent="CenterContainer2/PanelContainer/VBoxContainer/GridContainer5/HBoxContainer3/Panel6"]
modulate = Color( 0.278431, 0.709804, 0.992157, 1 )
anchor_right = 1.0
anchor_bottom = 1.0
texture = ExtResource( 3 )
expand = true
stretch_mode = 1

[node name="Label4" type="Label" parent="CenterContainer2/PanelContainer/VBoxContainer/GridContainer5"]
unique_name_in_owner = true
margin_top = 286.0
margin_right = 361.0
margin_bottom = 337.0
theme_type_variation = "TitleLabel"
text = "Use Power-Up:"

[node name="CenterContainer9" type="CenterContainer" parent="CenterContainer2/PanelContainer/VBoxContainer/GridContainer5"]
margin_left = 393.0
margin_top = 286.0
margin_right = 527.0
margin_bottom = 337.0

[node name="Panel" type="Panel" parent="CenterContainer2/PanelContainer/VBoxContainer/GridContainer5/CenterContainer9"]
margin_left = 46.0
margin_top = 4.0
margin_right = 88.0
margin_bottom = 46.0
rect_min_size = Vector2( 42, 42 )
size_flags_horizontal = 0
size_flags_vertical = 0
theme_type_variation = "KeyPanel"

[node name="Label" type="Label" parent="CenterContainer2/PanelContainer/VBoxContainer/GridContainer5/CenterContainer9/Panel"]
margin_right = 40.0
margin_bottom = 39.0
theme_type_variation = "KeyLabel"
text = "R"
align = 1
valign = 3

[node name="CenterContainer10" type="CenterContainer" parent="CenterContainer2/PanelContainer/VBoxContainer/GridContainer5"]
margin_left = 559.0
margin_top = 286.0
margin_right = 693.0
margin_bottom = 337.0

[node name="Panel2" type="Panel" parent="CenterContainer2/PanelContainer/VBoxContainer/GridContainer5/CenterContainer10"]
margin_left = 46.0
margin_top = 4.0
margin_right = 88.0
margin_bottom = 46.0
rect_min_size = Vector2( 42, 42 )
size_flags_horizontal = 0
size_flags_vertical = 0
theme_type_variation = "KeyPanel"

[node name="Label" type="Label" parent="CenterContainer2/PanelContainer/VBoxContainer/GridContainer5/CenterContainer10/Panel2"]
margin_right = 40.0
margin_bottom = 39.0
theme_type_variation = "KeyLabel"
text = "P"
align = 1
valign = 3

[node name="CenterContainer11" type="CenterContainer" parent="CenterContainer2/PanelContainer/VBoxContainer/GridContainer5"]
margin_left = 725.0
margin_top = 286.0
margin_right = 859.0
margin_bottom = 337.0

[node name="Panel3" type="Panel" parent="CenterContainer2/PanelContainer/VBoxContainer/GridContainer5/CenterContainer11"]
margin_left = 35.0
margin_top = 4.0
margin_right = 99.0
margin_bottom = 46.0
rect_min_size = Vector2( 64, 42 )
size_flags_horizontal = 0
size_flags_vertical = 0
theme_type_variation = "KeyPanel"

[node name="Label" type="Label" parent="CenterContainer2/PanelContainer/VBoxContainer/GridContainer5/CenterContainer11/Panel3"]
margin_right = 40.0
margin_bottom = 39.0
rect_min_size = Vector2( 64, 0 )
text = "Ctrl"
align = 1
valign = 3

[node name="CenterContainer12" type="CenterContainer" parent="CenterContainer2/PanelContainer/VBoxContainer/GridContainer5"]
margin_left = 891.0
margin_top = 286.0
margin_right = 1025.0
margin_bottom = 337.0

[node name="Panel4" type="Panel" parent="CenterContainer2/PanelContainer/VBoxContainer/GridContainer5/CenterContainer12"]
margin_left = 46.0
margin_top = 4.0
margin_right = 88.0
margin_bottom = 46.0
rect_min_size = Vector2( 42, 42 )
size_flags_horizontal = 0
size_flags_vertical = 0
theme_type_variation = "KeyPanel"

[node name="Label" type="Label" parent="CenterContainer2/PanelContainer/VBoxContainer/GridContainer5/CenterContainer12/Panel4"]
anchor_right = 1.0
anchor_bottom = 1.0
theme_type_variation = "KeyLabel"
text = "+"
align = 1
valign = 3

[node name="HBoxContainer4" type="HBoxContainer" parent="CenterContainer2/PanelContainer/VBoxContainer/GridContainer5"]
margin_left = 1057.0
margin_top = 286.0
margin_right = 1200.0
margin_bottom = 337.0
custom_constants/separation = 16
alignment = 1

[node name="Panel5" type="Panel" parent="CenterContainer2/PanelContainer/VBoxContainer/GridContainer5/HBoxContainer4"]
margin_left = 21.0
margin_right = 63.0
margin_bottom = 42.0
rect_min_size = Vector2( 42, 42 )
size_flags_horizontal = 0
size_flags_vertical = 0
theme_type_variation = "JoyKeyPanel"

[node name="Label" type="Label" parent="CenterContainer2/PanelContainer/VBoxContainer/GridContainer5/HBoxContainer4/Panel5"]
anchor_right = 1.0
anchor_bottom = 1.0
theme_type_variation = "KeyLabel"
custom_colors/font_color = Color( 0.933333, 0.886275, 0.0588235, 1 )
text = "Y"
align = 1
valign = 3

[node name="Panel6" type="Panel" parent="CenterContainer2/PanelContainer/VBoxContainer/GridContainer5/HBoxContainer4"]
margin_left = 79.0
margin_right = 121.0
margin_bottom = 42.0
rect_min_size = Vector2( 42, 42 )
size_flags_horizontal = 0
size_flags_vertical = 0
theme_type_variation = "JoyKeyPanel"

[node name="TextureRect" type="TextureRect" parent="CenterContainer2/PanelContainer/VBoxContainer/GridContainer5/HBoxContainer4/Panel6"]
modulate = Color( 0.298039, 0.956863, 0.572549, 1 )
anchor_right = 1.0
anchor_bottom = 1.0
texture = ExtResource( 5 )
expand = true

[node name="HBoxContainer" type="HBoxContainer" parent="CenterContainer2/PanelContainer/VBoxContainer"]
margin_top = 465.0
margin_right = 1200.0
margin_bottom = 508.0

[node name="BackButton" type="Button" parent="CenterContainer2/PanelContainer/VBoxContainer/HBoxContainer"]
unique_name_in_owner = true
margin_right = 210.0
margin_bottom = 43.0
rect_min_size = Vector2( 210, 0 )
mouse_default_cursor_shape = 2
text = "Back to main menu"
