[gd_scene load_steps=9 format=2]

[ext_resource path="res://assets/fonts/Inconsolata-Regular.ttf" type="DynamicFontData" id=1]
[ext_resource path="res://components/dev_console/dev_console.gd" type="Script" id=2]

[sub_resource type="StyleBoxFlat" id=1]
bg_color = Color( 0.0823529, 0.0901961, 0.0823529, 1 )
border_width_left = 2
border_width_top = 2
border_width_right = 2
border_width_bottom = 2
border_color = Color( 0.21, 0.21, 0.21, 1 )

[sub_resource type="StyleBoxFlat" id=2]
content_margin_left = 5.0
content_margin_right = 5.0
content_margin_top = 5.0
content_margin_bottom = 5.0
bg_color = Color( 0.0823529, 0.0901961, 0.0823529, 1 )
corner_detail = 1

[sub_resource type="StyleBoxFlat" id=3]

[sub_resource type="StyleBoxFlat" id=4]
content_margin_left = 10.0
content_margin_right = 10.0
content_margin_top = 10.0
content_margin_bottom = 10.0
bg_color = Color( 0.129412, 0.129412, 0.129412, 0.94902 )

[sub_resource type="DynamicFont" id=5]
size = 24
font_data = ExtResource( 1 )

[sub_resource type="Theme" id=6]
default_font = SubResource( 5 )
Label/colors/font_color = Color( 1, 1, 1, 1 )
Label/colors/font_color_shadow = Color( 0, 0, 0, 0 )
Label/colors/font_outline_modulate = Color( 1, 1, 1, 1 )
Label/constants/line_spacing = 3
Label/constants/shadow_as_outline = 0
Label/constants/shadow_offset_x = 1
Label/constants/shadow_offset_y = 1
Label/fonts/font = null
Label/styles/normal = null
LineEdit/colors/clear_button_color = Color( 0.88, 0.88, 0.88, 1 )
LineEdit/colors/clear_button_color_pressed = Color( 1, 1, 1, 1 )
LineEdit/colors/cursor_color = Color( 0.94, 0.94, 0.94, 1 )
LineEdit/colors/font_color = Color( 0.88, 0.88, 0.88, 1 )
LineEdit/colors/font_color_selected = Color( 0, 0, 0, 1 )
LineEdit/colors/font_color_uneditable = Color( 0.88, 0.88, 0.88, 0.5 )
LineEdit/colors/selection_color = Color( 0.49, 0.49, 0.49, 1 )
LineEdit/constants/minimum_spaces = 12
LineEdit/fonts/font = null
LineEdit/icons/clear = null
LineEdit/styles/focus = SubResource( 1 )
LineEdit/styles/normal = SubResource( 2 )
LineEdit/styles/read_only = null
PanelContainer/styles/panel = SubResource( 3 )
PopupPanel/styles/panel = SubResource( 4 )

[node name="DevConsole" type="PopupPanel"]
visible = true
margin_left = 10.0
margin_top = 10.0
margin_right = 710.0
margin_bottom = 510.0
rect_min_size = Vector2( 1000, 500 )
size_flags_vertical = 0
theme = SubResource( 6 )
script = ExtResource( 2 )
__meta__ = {
"_edit_use_anchors_": false
}

[node name="Container" type="VBoxContainer" parent="."]
margin_left = 10.0
margin_top = 10.0
margin_right = 990.0
margin_bottom = 490.0
size_flags_horizontal = 3
size_flags_vertical = 3
__meta__ = {
"_edit_use_anchors_": false
}

[node name="CommandScrollContainer" type="ScrollContainer" parent="Container"]
margin_right = 980.0
margin_bottom = 440.0
size_flags_horizontal = 3
size_flags_vertical = 3
follow_focus = true

[node name="ComandContainer" type="VBoxContainer" parent="Container/CommandScrollContainer"]
margin_right = 980.0
margin_bottom = 440.0
size_flags_horizontal = 3
size_flags_vertical = 3
custom_constants/separation = 20

[node name="CommandEdit" type="LineEdit" parent="Container"]
margin_top = 444.0
margin_right = 980.0
margin_bottom = 480.0
text = "command"
caret_blink = true
caret_blink_speed = 0.5
