[gd_scene load_steps=7 format=2]

[ext_resource path="res://components/hud/order/order.gd" type="Script" id=1]
[ext_resource path="res://assets/labels/fragile.png" type="Texture" id=2]
[ext_resource path="res://assets/ui/items/controller.png" type="Texture" id=3]
[ext_resource path="res://assets/labels/priority.png" type="Texture" id=4]
[ext_resource path="res://assets/ui/orders/envelope.png" type="Texture" id=5]
[ext_resource path="res://assets/ui/orders/finished_check.png" type="Texture" id=6]

[node name="Order" type="PanelContainer"]
margin_right = 256.0
margin_bottom = 137.0
rect_min_size = Vector2( 335, 201 )
theme_type_variation = "OrderPanel"
script = ExtResource( 1 )

[node name="VBox" type="VBoxContainer" parent="."]
margin_left = 32.0
margin_top = 8.0
margin_right = 303.0
margin_bottom = 193.0

[node name="HBox1" type="HBoxContainer" parent="VBox"]
margin_right = 271.0
margin_bottom = 65.0

[node name="VBox" type="VBoxContainer" parent="VBox/HBox1"]
margin_right = 203.0
margin_bottom = 65.0
size_flags_horizontal = 3
custom_constants/separation = -5

[node name="Title" type="Label" parent="VBox/HBox1/VBox"]
margin_right = 203.0
margin_bottom = 44.0
theme_type_variation = "Title2Label"
text = "Order"

[node name="OrderIdentificationNumber" type="Label" parent="VBox/HBox1/VBox"]
unique_name_in_owner = true
margin_top = 39.0
margin_right = 203.0
margin_bottom = 65.0
theme_type_variation = "SubtitleLabel"
text = "#1234567890123456"

[node name="IsFinished" type="TextureRect" parent="VBox/HBox1"]
unique_name_in_owner = true
visible = false
margin_left = 139.0
margin_right = 203.0
margin_bottom = 65.0
rect_min_size = Vector2( 64, 64 )
texture = ExtResource( 6 )
expand = true
stretch_mode = 6

[node name="PackageSize" type="TextureRect" parent="VBox/HBox1"]
unique_name_in_owner = true
margin_left = 207.0
margin_right = 271.0
margin_bottom = 65.0
rect_min_size = Vector2( 64, 64 )
texture = ExtResource( 5 )
expand = true
stretch_mode = 6

[node name="HSeparator" type="HSeparator" parent="VBox"]
margin_top = 69.0
margin_right = 271.0
margin_bottom = 73.0
theme_type_variation = "OrderHSeparator"

[node name="HBox2" type="HBoxContainer" parent="VBox"]
margin_top = 77.0
margin_right = 271.0
margin_bottom = 77.0
custom_constants/separation = 5

[node name="Item1" type="TextureRect" parent="VBox/HBox2"]
unique_name_in_owner = true
visible = false
margin_right = 64.0
margin_bottom = 64.0
rect_min_size = Vector2( 64, 64 )
texture = ExtResource( 3 )
expand = true
stretch_mode = 6

[node name="Item2" type="TextureRect" parent="VBox/HBox2"]
unique_name_in_owner = true
visible = false
margin_right = 64.0
margin_bottom = 64.0
rect_min_size = Vector2( 64, 64 )
texture = ExtResource( 3 )
expand = true
stretch_mode = 6

[node name="Item3" type="TextureRect" parent="VBox/HBox2"]
unique_name_in_owner = true
visible = false
margin_right = 64.0
margin_bottom = 64.0
rect_min_size = Vector2( 64, 64 )
texture = ExtResource( 3 )
expand = true
stretch_mode = 6

[node name="Item4" type="TextureRect" parent="VBox/HBox2"]
unique_name_in_owner = true
visible = false
margin_right = 64.0
margin_bottom = 64.0
rect_min_size = Vector2( 64, 64 )
texture = ExtResource( 3 )
expand = true
stretch_mode = 6

[node name="HBox3" type="HBoxContainer" parent="VBox"]
margin_top = 81.0
margin_right = 271.0
margin_bottom = 81.0
custom_constants/separation = 0
alignment = 1

[node name="FragileLabel" type="TextureRect" parent="VBox/HBox3"]
unique_name_in_owner = true
visible = false
margin_left = 39.0
margin_right = 135.0
margin_bottom = 40.0
rect_min_size = Vector2( 96, 40 )
texture = ExtResource( 2 )
expand = true
stretch_mode = 6

[node name="PriorityLabel" type="TextureRect" parent="VBox/HBox3"]
unique_name_in_owner = true
visible = false
margin_left = 87.0
margin_right = 183.0
margin_bottom = 40.0
rect_min_size = Vector2( 96, 40 )
texture = ExtResource( 4 )
expand = true
stretch_mode = 6
