[gd_scene load_steps=11 format=2]

[sub_resource type="PrismMesh" id=1]
left_to_right = 0.0
size = Vector3( 2, 1.25, 2 )

[sub_resource type="SpatialMaterial" id=2]
albedo_color = Color( 0.215686, 0.819608, 0.862745, 1 )

[sub_resource type="CubeMesh" id=3]
size = Vector3( 2, 0.75, 2 )

[sub_resource type="SpatialMaterial" id=4]
albedo_color = Color( 0.176471, 0.627451, 0.113725, 1 )

[sub_resource type="CubeMesh" id=5]
size = Vector3( 3.3, 0.75, 2 )

[sub_resource type="SpatialMaterial" id=6]
albedo_color = Color( 0.32549, 0.32549, 0.32549, 1 )

[sub_resource type="PrismMesh" id=7]
left_to_right = 0.0
size = Vector3( 0.6, 0.75, 2 )

[sub_resource type="CubeMesh" id=8]
size = Vector3( 1.9, 2, 2 )

[sub_resource type="CubeMesh" id=16]
size = Vector3( 2, 0.1, 2.1 )

[sub_resource type="SpatialMaterial" id=15]
albedo_color = Color( 0.313726, 0.192157, 0.0470588, 1 )

[node name="Locomotive" type="StaticBody"]

[node name="MeshInstance" type="MeshInstance" parent="."]
transform = Transform( 1, 0, 0, 0, 1, 0, 0, 0, 1, 1, 1.375, 0 )
mesh = SubResource( 1 )
material/0 = SubResource( 2 )

[node name="MeshInstance2" type="MeshInstance" parent="."]
transform = Transform( 1, 0, 0, 0, 1, 0, 0, 0, 1, 1, 0.375, 0 )
mesh = SubResource( 3 )
material/0 = SubResource( 4 )

[node name="MeshInstance3" type="MeshInstance" parent="."]
transform = Transform( 1, 0, 0, 0, 1, 0, 0, 0, 1, -0.25, -0.375, 0 )
mesh = SubResource( 5 )
material/0 = SubResource( 6 )

[node name="MeshInstance4" type="MeshInstance" parent="."]
transform = Transform( 1, 0, 0, 0, -1, 8.74228e-08, 0, -8.74228e-08, -1, 1.7, -0.375, 0 )
mesh = SubResource( 7 )
material/0 = SubResource( 6 )

[node name="MeshInstance5" type="MeshInstance" parent="."]
transform = Transform( 1, 0, 0, 0, 1, 0, 0, 0, 1, -0.95, 1, 0 )
mesh = SubResource( 8 )
material/0 = SubResource( 4 )

[node name="MeshInstance6" type="MeshInstance" parent="."]
transform = Transform( 1, 0, 0, 0, 1, 0, 0, 0, 1, -0.95, 2.05, 0 )
mesh = SubResource( 16 )
material/0 = SubResource( 15 )
