[gd_scene load_steps=17 format=2]

[ext_resource path="res://components/train/wagon.gd" type="Script" id=1]
[ext_resource path="res://components/marker/marker.tscn" type="PackedScene" id=2]
[ext_resource path="res://components/models/train/waggon.tscn" type="PackedScene" id=3]

[sub_resource type="BoxShape" id=7]
extents = Vector3( 2, 1, 1 )

[sub_resource type="CubeMesh" id=8]
size = Vector3( 3.8, 0.75, 2 )

[sub_resource type="SpatialMaterial" id=6]
albedo_color = Color( 0.32549, 0.32549, 0.32549, 1 )

[sub_resource type="QuadMesh" id=9]
size = Vector2( 3.8, 2 )

[sub_resource type="SpatialMaterial" id=10]
albedo_color = Color( 0.662745, 0.564706, 0.262745, 1 )

[sub_resource type="CubeMesh" id=11]
size = Vector3( 0.1, 2, 2 )

[sub_resource type="SpatialMaterial" id=4]
albedo_color = Color( 0.176471, 0.627451, 0.113725, 1 )

[sub_resource type="CubeMesh" id=12]
size = Vector3( 0.1, 3.8, 2 )

[sub_resource type="CubeMesh" id=13]
size = Vector3( 0.6, 2, 0.1 )

[sub_resource type="CubeMesh" id=14]
size = Vector3( 3.9, 0.1, 2.1 )

[sub_resource type="SpatialMaterial" id=15]
albedo_color = Color( 0.313726, 0.192157, 0.0470588, 1 )

[sub_resource type="CubeMesh" id=16]
size = Vector3( 0.4, 0.1, 2 )

[sub_resource type="CubeMesh" id=17]
size = Vector3( 0.04, 0.8, 2 )

[node name="Wagon" type="StaticBody"]
collision_layer = 3
collision_mask = 3
script = ExtResource( 1 )

[node name="CollisionShape" type="CollisionShape" parent="."]
transform = Transform( 1, 0, 0, 0, 1, 0, 0, 0, 1, 0, 1, 0.5 )
shape = SubResource( 7 )

[node name="MeshInstance" type="MeshInstance" parent="."]
transform = Transform( 1, 0, 0, 0, 1, 0, 0, 0, 1, 0, -0.375, 0 )
visible = false
mesh = SubResource( 8 )
material/0 = SubResource( 6 )

[node name="MeshInstance2" type="MeshInstance" parent="."]
transform = Transform( 1, 0, 0, 0, -4.37114e-08, 1, 0, -1, -4.37114e-08, 0, 0.001, 0 )
visible = false
mesh = SubResource( 9 )
material/0 = SubResource( 10 )

[node name="MeshInstance3" type="MeshInstance" parent="."]
transform = Transform( 1, 0, 0, 0, -4.37114e-08, 1, 0, -1, -4.37114e-08, -1.85, 1, 0 )
visible = false
mesh = SubResource( 11 )
material/0 = SubResource( 4 )

[node name="MeshInstance4" type="MeshInstance" parent="."]
transform = Transform( 1, 0, 0, 0, -4.37114e-08, 1, 0, -1, -4.37114e-08, 1.85, 1, 0 )
visible = false
mesh = SubResource( 11 )
material/0 = SubResource( 4 )

[node name="MeshInstance5" type="MeshInstance" parent="."]
transform = Transform( -4.37114e-08, -1, 0, -4.37114e-08, 1.91069e-15, -1, 1, -4.37114e-08, -4.37114e-08, 0, 1, -0.95 )
visible = false
mesh = SubResource( 12 )
material/0 = SubResource( 4 )

[node name="MeshInstance7" type="MeshInstance" parent="."]
transform = Transform( 1, 0, 0, 0, 1, 0, 0, 0, 1, -1.6, 1, 0.95 )
visible = false
mesh = SubResource( 13 )
material/0 = SubResource( 4 )

[node name="MeshInstance8" type="MeshInstance" parent="."]
transform = Transform( 1, 0, 0, 0, 1, 0, 0, 0, 1, 1.6, 1, 0.95 )
visible = false
mesh = SubResource( 13 )
material/0 = SubResource( 4 )

[node name="MeshInstance6" type="MeshInstance" parent="."]
transform = Transform( 1, 0, 0, 0, 1, 0, 0, 0, 1, 0, 2.05, 0 )
visible = false
mesh = SubResource( 14 )
material/0 = SubResource( 15 )

[node name="MeshInstance9" type="MeshInstance" parent="."]
transform = Transform( 1, 0, 0, 0, 1, 0, 0, 0, 1, -2.1, 0.05, 0 )
visible = false
mesh = SubResource( 16 )
material/0 = SubResource( 15 )

[node name="MeshInstance10" type="MeshInstance" parent="."]
transform = Transform( 1, 0, 0, 0, 1, 0, 0, 0, 1, 2.1, 0.05, 0 )
visible = false
mesh = SubResource( 16 )
material/0 = SubResource( 15 )

[node name="MeshInstance11" type="MeshInstance" parent="."]
transform = Transform( 1, 0, 0, 0, 1, 0, 0, 0, 1, 2.32, 0.4, 0 )
visible = false
mesh = SubResource( 17 )
material/0 = SubResource( 15 )

[node name="MeshInstance12" type="MeshInstance" parent="."]
transform = Transform( 1, 0, 0, 0, 1, 0, 0, 0, 1, -2.32, 0.4, 0 )
visible = false
mesh = SubResource( 17 )
material/0 = SubResource( 15 )

[node name="Marker" parent="." instance=ExtResource( 2 )]
transform = Transform( 1, 0, 0, 0, 1, 0, 0, 0, 1, 0, 2, 1.39044 )
visible = false

[node name="waggon" parent="." instance=ExtResource( 3 )]
transform = Transform( 0.5, 0, 0, 0, 0.5, 0, 0, 0, 0.5, 0, 0, 0 )
